<record><leader>00000cas a2200000 i 4500</leader><controlfield tag="001">904332554</controlfield><controlfield tag="006">m     o  d        </controlfield><controlfield tag="007">cr |||||||||||</controlfield><controlfield tag="008">150304d18771885iludn neo     0   a0eng  </controlfield><datafield ind1=" " ind2=" " tag="010"><subfield code="a">  2015218561</subfield></datafield><datafield ind1=" " ind2=" " tag="040"><subfield code="a">DLC</subfield><subfield code="b">eng</subfield><subfield code="e">rda</subfield><subfield code="c">DLC</subfield><subfield code="d">DLC</subfield><subfield code="d">NVF</subfield><subfield code="d">DLC</subfield></datafield><datafield ind1="0" ind2=" " tag="022"><subfield code="a">2377-6986</subfield><subfield code="2">1</subfield></datafield><datafield ind1=" " ind2=" " tag="042"><subfield code="a">pcc</subfield><subfield code="a">nsdp</subfield></datafield><datafield ind1=" " ind2=" " tag="043"><subfield code="a">n-us-il</subfield></datafield><datafield ind1="1" ind2="0" tag="050"><subfield code="a">ISSN RECORD</subfield></datafield><datafield ind1="0" ind2="0" tag="082"><subfield code="a">071</subfield><subfield code="2">23</subfield></datafield><datafield ind1="0" ind2=" " tag="130"><subfield code="a">Rock Island Argus (Rock Island, Ill. : 1877)</subfield></datafield><datafield ind1=" " ind2="4" tag="222"><subfield code="a">The Rock Island Argus</subfield><subfield code="b">(Rock Island, Ill. 1877. Online)</subfield></datafield><datafield ind1="1" ind2="4" tag="245"><subfield code="a">The Rock Island Argus.</subfield></datafield><datafield ind1="1" ind2=" " tag="246"><subfield code="i">Publisher's box:</subfield><subfield code="a">Daily Argus</subfield></datafield><datafield ind1=" " ind2="1" tag="264"><subfield code="a">Rock Island, Illinois :</subfield><subfield code="b">[publisher not identified],</subfield><subfield code="c">1877-1885.</subfield></datafield><datafield ind1=" " ind2="1" tag="264"><subfield code="3">Dec. 3, 1879-Jan. 29, 1881</subfield><subfield code="a">Rock Island, Ill. :</subfield><subfield code="b">Milton Jones</subfield></datafield><datafield ind1=" " ind2="1" tag="264"><subfield code="3">Apr. 18, 1881-July 9, 1882</subfield><subfield code="a">Rock Island, Ill. :</subfield><subfield code="b">Richardson &amp; Powers</subfield></datafield><datafield ind1=" " ind2="1" tag="264"><subfield code="3">Aug. 2, 1882-Sept. 30, 1885</subfield><subfield code="a">Rock Island, Ill. :</subfield><subfield code="b">J. W. Potter</subfield></datafield><datafield ind1=" " ind2=" " tag="300"><subfield code="a">1 online resource</subfield></datafield><datafield ind1=" " ind2=" " tag="310"><subfield code="a">Daily (except Sunday and holidays),</subfield><subfield code="b">Aug. 1, 1882-Sept. 30, 1885</subfield></datafield><datafield ind1=" " ind2=" " tag="321"><subfield code="a">Daily (except Sunday and holidays),</subfield><subfield code="b">Mar. 5, 1877-Apr. 29, 1882</subfield></datafield><datafield ind1=" " ind2=" " tag="321"><subfield code="a">Daily (except Monday),</subfield><subfield code="b">Apr. 30, 1882-July 9, 1882</subfield></datafield><datafield ind1=" " ind2=" " tag="336"><subfield code="a">text</subfield><subfield code="b">txt</subfield><subfield code="2">rdacontent</subfield></datafield><datafield ind1=" " ind2=" " tag="337"><subfield code="a">computer</subfield><subfield code="b">c</subfield><subfield code="2">rdamedia</subfield></datafield><datafield ind1=" " ind2=" " tag="338"><subfield code="a">online resource</subfield><subfield code="b">cr</subfield><subfield code="2">rdacarrier</subfield></datafield><datafield ind1="1" ind2=" " tag="362"><subfield code="a">Began with 26th year (Mar. 5, 1877); ceased with volume XXXIII, no. 286 (September 30, 1885).</subfield></datafield><datafield ind1=" " ind2=" " tag="500"><subfield code="a">"Official paper of Rock Island City and County," May, 12, 1884-Sept. 30, 1885.</subfield></datafield><datafield ind1=" " ind2=" " tag="500"><subfield code="a">"Only Democratic Daily in the Eleventh Congressional District," May 12, 1884-Sept. 30, 1885.</subfield></datafield><datafield ind1=" " ind2=" " tag="500"><subfield code="a">Published an "Extra 8 O'Clock p.m." edition, July 26-27, 1877.</subfield></datafield><datafield ind1=" " ind2=" " tag="515"><subfield code="a">Suspended after July 9, 1882 issue; resumed with Aug. 2, 1882 issue.</subfield></datafield><datafield ind1=" " ind2=" " tag="515"><subfield code="a">Various volume, numbering, and date irregularities.</subfield></datafield><datafield ind1=" " ind2=" " tag="515"><subfield code="a">Issues have no page numbering.</subfield></datafield><datafield ind1=" " ind2=" " tag="525"><subfield code="a">Has occasional supplements, including yearly, unpaged supplements containing presidential message, Dec. 7, 1877-Dec. 7, 1880.</subfield></datafield><datafield ind1=" " ind2=" " tag="530"><subfield code="a">Originally issued in print.</subfield></datafield><datafield ind1=" " ind2=" " tag="588"><subfield code="a">Description based on: Twenty-sixth year (March 5, 1877); title from masthead (Chroniclingamerica.loc.gov, viewed March 4, 2015).</subfield></datafield><datafield ind1=" " ind2=" " tag="588"><subfield code="a">Latest issue consulted: Volume XXXIII, no. 286 (September 30, 1885) (Chroniclingamerica.loc.gov, viewed March 4, 2015).</subfield></datafield><datafield ind1=" " ind2="0" tag="651"><subfield code="a">Rock Island (Ill.)</subfield><subfield code="v">Newspapers.</subfield></datafield><datafield ind1=" " ind2="0" tag="651"><subfield code="a">Moline (Ill.)</subfield><subfield code="v">Newspapers.</subfield></datafield><datafield ind1=" " ind2="0" tag="651"><subfield code="a">Rock Island County (Ill.)</subfield><subfield code="v">Newspapers.</subfield></datafield><datafield ind1=" " ind2="7" tag="651"><subfield code="a">Illinois</subfield><subfield code="z">Rock Island.</subfield><subfield code="2">fast</subfield><subfield code="0">(OCoLC)fst01206059</subfield></datafield><datafield ind1=" " ind2="7" tag="655"><subfield code="a">Newspapers.</subfield><subfield code="2">fast</subfield><subfield code="0">(OCoLC)fst01423814</subfield></datafield><datafield ind1=" " ind2=" " tag="752"><subfield code="a">United States</subfield><subfield code="b">Illinois</subfield><subfield code="c">Rock Island</subfield><subfield code="d">Rock Island.</subfield></datafield><datafield ind1="0" ind2=" " tag="775"><subfield code="t">Rock Island weekly Argus</subfield></datafield><datafield ind1="0" ind2="8" tag="776"><subfield code="i">Print version:</subfield><subfield code="t">Rock Island Argus (Rock Island, Ill. : 1877)</subfield><subfield code="x">2377-6978</subfield><subfield code="w">(DLC)sn 92053943</subfield><subfield code="w">(OCoLC)26846471</subfield></datafield><datafield ind1="0" ind2="0" tag="780"><subfield code="t">Daily Argus (Rock Island, Ill.)</subfield><subfield code="x">2377-7036</subfield><subfield code="w">(DLC)  2015218563</subfield><subfield code="w">(OCoLC)904334446</subfield></datafield><datafield ind1="0" ind2="0" tag="785"><subfield code="t">Argus (Rock Island, Ill.)</subfield><subfield code="x">2377-7052</subfield><subfield code="w">(DLC)  2015218564</subfield><subfield code="w">(OCoLC)904334741</subfield></datafield><datafield ind1="4" ind2="0" tag="856"><subfield code="u">http://www.loc.gov/chroniclingamerica/lccn/sn92053943/issues</subfield></datafield></record>